<?xml version="1.0" encoding="UTF-8"?><record xmlns="http://www.loc.gov/MARC21/slim" xmlns:cinclude="http://apache.org/cocoon/include/1.0" xmlns:zs="http://www.loc.gov/zing/srw/">
  <leader>00638nz  a2200169n  4500</leader>
  <controlfield tag="001">nr 97019946 </controlfield>
  <controlfield tag="003">DLC</controlfield>
  <controlfield tag="005">19970604051511.7</controlfield>
  <controlfield tag="008">970602n| acannaab|          |a ana     c</controlfield>
  <datafield tag="010" ind1=" " ind2=" ">
    <subfield code="a">nr 97019946 </subfield>
  </datafield>
  <datafield tag="040" ind1=" " ind2=" ">
    <subfield code="a">UPB</subfield>
    <subfield code="c">UPB</subfield>
  </datafield>
  <datafield tag="110" ind1="2" ind2="0">
    <subfield code="a">Stamperia del Popolo Romano</subfield>
  </datafield>
  <datafield tag="410" ind1="2" ind2="0">
    <subfield code="a">Aedes Populi Romani (Printing firm)</subfield>
  </datafield>
  <datafield tag="410" ind1="2" ind2="0">
    <subfield code="a">In Aedibus Populi Romani (Printing firm)</subfield>
  </datafield>
  <datafield tag="670" ind1=" " ind2=" ">
    <subfield code="a">Quaestio de strigibus, 1576:</subfield>
    <subfield code="b">t.p. (In Aedibus Populi Romani)</subfield>
  </datafield>
  <datafield tag="670" ind1=" " ind2=" ">
    <subfield code="a">Clavis typographorum librariorumque ... 1992:</subfield>
    <subfield code="b">p. 216 ([Rome], Stamperia del Popolo Romano, 1570-1598)</subfield>
  </datafield>
  <datafield tag="670" ind1=" " ind2=" ">
    <subfield code="a">RLIN, 6/1/97</subfield>
    <subfield code="b">(hdg.: Populi Romani; usage: In Aedibus Populi Romani)</subfield>
  </datafield>
</record>